@article{2,
author = {TU Dortmund},
title = {},
year = {},
}

@online{1,
url = {http://129.217.224.2/HOMEPAGE/PHYSIKER/BACHELOR/FP/SKRIPT/V51.pdf},
Urldate                  = {2018-11-21},
}
